%% Saved with string encoding Unicode (UTF-8) 

% INCOMPLETE
@article{SOC-SOC-EST,
    Author = {Davies G., Knehr K., Van Tassell B., Hodson T., Biswas S., Hsieh A., Steingart D.},
    Title = {'State of Charge and State of Health Estimation Using Electrochemical Acoustic Time of Flight Analysis'}
    Journal = {Journal of The Electrochemical Society}
    Year = {2017}
    DOI = {doi:10.1149/2.1411712jes}
    
% INCOMPLETE    
@article{ANODE-CHAR,
    Author = {Bhadra S., Hsieh A., Wang M., Hertzberg B., Steingart D.},
    Title = {'Anode Characterization in Zinc-Manganese Dioxide AA Alkaline Batteries Using Electrochemical-Acoustic Time-of-Flight Analysis'}
    Journal = {Journal of The Electrochemical Society}
    Year = {2016}
    DOI = {doi:10.1149/2.1201606jes}

% INCOMPLETE
@article{TOF-STATE,
    Author = {Hsieh A., Bhadra S., Hertzberg B., Gjeltema P., Goy A., Fleischer J., Steingart D.}
    Title = {'Electrochemical-acoustic time of flight: in operando correlation of physical dynamics with battery charge and health'}
    Journal = {Energy \& Environmental Science}
    Year = {2015}
    DOI = {doi:10.1039/c5ee00111k}  